@misc{Lamere2010LastFm,
	author={Lamere, Paul},
	title={LastFM-ArtistTags2007},
	year={2010},
	howpublished={\url{http://musicmachinery.com/2010/11/10/lastfm-artisttags2007/}},
	note={Accessed: 2015-05-26}
}

@book{baeza1999modern,
    title={Modern information retrieval},
    author={Baeza-Yates, Ricardo and Ribeiro-Neto, Berthier and others},
    volume={463}, year={1999}, publisher={ACM press New York}
}

@book{manning2008introduction,
    title={Introduction to information retrieval},
    author={Manning, Christopher D and Raghavan, Prabhakar and
    Sch{\"u}tze, Hinrich},
    volume={1},
    year={2008},
    publisher={Cambridge university press Cambridge}
}

@article{role2014beyond,
    title={Beyond cluster labeling: Semantic interpretation of clustersâ€™
           contents using a graph representation},
    author={Role, Fran{\c{c}}ois and Nadif, Mohamed},
    journal={Knowledge-Based Systems},
    volume={56},
    pages={141--155},
    year={2014},
    publisher={Elsevier}
}

@misc{clusterdumper,
    publisher={Apache Foundation},
    title={Cluster Dumper - Introduction},
    howpublished={\url{https://mahout.apache.org/users/clustering/cluster-dumper.html}},
    note={Accessed: 2015-05-28}
}

@misc{redis,
    title={Introduction to Redis},
    howpublished={\url{http://redis.io/topics/introduction}},
    note={Accessed: 2015-05-28}
}

@incollection{corephrase,
    title={Corephrase: Keyphrase extraction for document clustering},
    author={Hammouda, Khaled M and Matute, Diego N and Kamel, Mohamed S},
    booktitle={Machine Learning and Data Mining in Pattern Recognition},
    pages={265--274},
    year={2005},
    publisher={Springer}
}

@incollection{schneider2005weighted,
title={Weighted average pointwise mutual information for feature selection in text categorization},
    author={Schneider, Karl-Michael},
    booktitle={Knowledge Discovery in Databases: PKDD 2005},
    pages={252--263},
    year={2005},
    publisher={Springer}
}
